<?xml version="1.0" encoding="UTF-8"?>
<OAI-PMH xmlns="http://www.openarchives.org/OAI/2.0/" xmlns:xsi="http://www.w3.org/2001/XMLSchema-instance" xsi:schemaLocation="http://www.openarchives.org/OAI/2.0/ http://www.openarchives.org/OAI/2.0/OAI-PMH.xsd">
<ListRecords>
<record>
<header status="updated">
<identifier>urm_publish:71307667160002121</identifier>
</header>
<metadata>
<record xmlns="http://www.loc.gov/MARC21/slim" xmlns:xsi="http://www.w3.org/2001/XMLSchema-instance" xsi:schemaLocation="http://www.loc.gov/MARC21/slim http://www.loc.gov/standards/marcxml/schema/MARC21slim.xsd" ><leader>00828nam a22002537a 4500</leader><controlfield tag="005">19990604123926.0</controlfield><controlfield tag="008">950822s1995    miu          f000 0 eng d</controlfield><controlfield tag="001">999770257202121</controlfield><datafield tag="035" ind1=" " ind2=" "><subfield code="a">(OCoLC)33021920</subfield></datafield><datafield tag="035" ind1=" " ind2=" "><subfield code="9">AUE5826UW</subfield></datafield><datafield tag="035" ind1=" " ind2=" "><subfield code="a">(WU)3426020-uwmadisondb</subfield></datafield><datafield tag="040" ind1=" " ind2=" "><subfield code="a">GPO</subfield><subfield code="b">eng</subfield><subfield code="c">GPO</subfield><subfield code="d">DLC</subfield><subfield code="d">MvI</subfield><subfield code="d">MGPO</subfield></datafield><datafield tag="074" ind1=" " ind2=" "><subfield code="a">84</subfield></datafield><datafield tag="086" ind1="0" ind2=" "><subfield code="a">A 13.2:OT 8/12/CAMPING</subfield></datafield><datafield tag="245" ind1="0" ind2="0"><subfield code="a">Camping.</subfield></datafield><datafield tag="264" ind1=" " ind2="1"><subfield code="a">Ironwood, MI :</subfield><subfield code="b">Forest Service, Dept. of Agriculture, Forest Supervisor's Office,</subfield><subfield code="c">[1995]</subfield></datafield><datafield tag="300" ind1=" " ind2=" "><subfield code="a">1 volume</subfield></datafield><datafield tag="336" ind1=" " ind2=" "><subfield code="a">text</subfield><subfield code="b">txt</subfield><subfield code="2">rdacontent</subfield></datafield><datafield tag="337" ind1=" " ind2=" "><subfield code="a">unmediated</subfield><subfield code="b">n</subfield><subfield code="2">rdamedia</subfield></datafield><datafield tag="338" ind1=" " ind2=" "><subfield code="a">volume</subfield><subfield code="b">nc</subfield><subfield code="2">rdacarrier</subfield></datafield><datafield tag="650" ind1=" " ind2="0"><subfield code="a">Camping</subfield><subfield code="z">Michigan.</subfield><subfield code="2">LCSH</subfield><subfield code="0">41-LIBRARY_OF_CONGRESS-sh 85019231</subfield><subfield code="9">Y</subfield></datafield><datafield tag="651" ind1=" " ind2="0"><subfield code="a">Ottawa National Forest (Mich.)</subfield><subfield code="2">LCSH</subfield><subfield code="0">41-LIBRARY_OF_CONGRESS-sh 86003367</subfield><subfield code="9">Y</subfield></datafield><datafield tag="710" ind1="1" ind2=" "><subfield code="a">United States.</subfield><subfield code="b">Forest Service.</subfield><subfield code="b">Eastern Region.</subfield><subfield code="b">Forest Supervisor's Office (Ironwood, Mich.)</subfield><subfield code="2">LCNAMES</subfield><subfield code="0">41-LIBRARY_OF_CONGRESS-no 95035238</subfield><subfield code="9">Y</subfield></datafield><datafield tag="997" ind1=" " ind2=" "><subfield code="a">MARCIVE</subfield></datafield><datafield tag="650" ind1=" " ind2="0"><subfield code="w">g</subfield><subfield code="a">Outdoor recreation</subfield><subfield code="2">LCSH</subfield><subfield code="0">41-LIBRARY_OF_CONGRESS-sh 85019231</subfield><subfield code="9">R</subfield></datafield><datafield tag="650" ind1=" " ind2="0"><subfield code="a">Camps</subfield><subfield code="2">LCSH</subfield><subfield code="0">41-LIBRARY_OF_CONGRESS-sh 85019231</subfield><subfield code="9">R</subfield></datafield><datafield tag="650" ind1=" " ind2="0"><subfield code="a">Outdoor life</subfield><subfield code="2">LCSH</subfield><subfield code="0">41-LIBRARY_OF_CONGRESS-sh 85019231</subfield><subfield code="9">R</subfield></datafield><datafield tag="710" ind1="1" ind2=" "><subfield code="a">United States.</subfield><subfield code="b">Forest Service.</subfield><subfield code="b">Forest Supervisor's Office (Ironwood, Mich.)</subfield><subfield code="2">LCNAMES</subfield><subfield code="0">41-LIBRARY_OF_CONGRESS-no 95035238</subfield><subfield code="9">N</subfield></datafield><datafield tag="INST" ind1=" " ind2=" "><subfield code="a">01UWI_NETWORK</subfield><subfield code="b">P</subfield><subfield code="c">71307667160002121</subfield></datafield><datafield tag="INST" ind1=" " ind2=" "><subfield code="a">01UWI_MAD</subfield><subfield code="b">P</subfield><subfield code="c">21605906120002122</subfield></datafield><datafield tag="INST" ind1=" " ind2=" "><subfield code="a">01UWI_RF</subfield><subfield code="b">P</subfield><subfield code="c">2160278480002129</subfield></datafield><datafield tag="AVA" ind1=" " ind2=" "><subfield code="0">9934260203602122</subfield><subfield code="8">22605906110002122</subfield><subfield code="a">01UWI_MAD</subfield><subfield code="b">STEENBOCK</subfield><subfield code="c">Documents</subfield><subfield code="d">A 13.2: OT 8/12/CAMPING</subfield><subfield code="e">check_holdings</subfield><subfield code="j">doc</subfield><subfield code="k">3</subfield><subfield code="p">1</subfield><subfield code="q">Steenbock Library</subfield></datafield><datafield tag="AVA" ind1=" " ind2=" "><subfield code="0">992049243602129</subfield><subfield code="8">2260278470002129</subfield><subfield code="a">01UWI_RF</subfield><subfield code="b">RF</subfield><subfield code="c">Government Documents Federal</subfield><subfield code="d">A 13.2:OT 8/12/CAMPING</subfield><subfield code="e">available</subfield><subfield code="f">1</subfield><subfield code="g">0</subfield><subfield code="j">docusnc</subfield><subfield code="k">3</subfield><subfield code="p">1</subfield><subfield code="q">Chalmer Davee Library</subfield></datafield><datafield tag="MMS" ind1=" " ind2=" "><subfield code="b">999770257202121</subfield><subfield code="a">01UWI_NETWORK</subfield></datafield><datafield tag="MMS" ind1=" " ind2=" "><subfield code="b">9934260203602122</subfield><subfield code="a">01UWI_MAD</subfield></datafield><datafield tag="MMS" ind1=" " ind2=" "><subfield code="b">992049243602129</subfield><subfield code="a">01UWI_RF</subfield></datafield><datafield tag="BBB" ind1="3" ind2="1"><subfield code="x">aShipping list no.: 95-0222-P.</subfield><subfield code="8">22605906110002122</subfield><subfield code="A">01UWI_MAD</subfield></datafield></record>
</metadata>
</record>
</ListRecords>
</OAI-PMH>